@article{widmer1983code,
  title={A DC-balanced, partitioned-block, 8B/10B transmission code},
  author={Widmer, Albert X. and Franaszek, Peter A.},
  journal={IBM Journal of research and development},
  volume={27},
  number={5},
  pages={440--451},
  year={1983},
  publisher={IBM},
  langid={english}
}

@book{lin2004error,
  title={Error control coding},
  author={Shu Lin and Daniel J. Costello},
  edition={2nd ed.},
  year={2004},
  publisher={Pearson Prentice Hall},
  langid={english}
}

@inproceedings{hidalgoradix8,
author = {Hidalgo-López, José Antonio and Moreno-Vergara, V and Oballe-Peinado, Óscar and Daza, A and Martín-Vázquez, M. and Gago, Alfonso},
year = {1998},
month = {11},
title = {A Radix-8 Multiplier Unit Design for Specific Purpose},
langid={english}
}

@book{ciclerEVM,
title={Организация ЭВМ и систем: Учебник для вузов},
author={Цилькер Б.Я. and Орлов С.А.},
edition={3-е изд.},
isbn={9785446196418},
year={2021},
publisher={Издательский дом <<Питер>>}
}

@book{vilenkin1975comb,
  title={Популярная комбинаторика},
  author={Наум Яковлевич Виленкин},
  year={1975},
  location={М.},
  publisher={Издательство Наука},
  langid={russian}
}

@book{brualdi2010comb,
  title={Introductory Combinatorics},
  author={Richard A. Brualdi},
  year={2010},
  publisher={Prentice-Hall},
  langid={english}
}

@book{knuth2018progart2,
  title={Искусство программирования, том 2. Получисленные алгоритмы},
  author={Дональд Эрвин Кнут},
  location={М.},
  publisher={Вильямс},
  year={2001},
  edition={3-е изд.},
  langid={russian}
}

@article{lemire2019fastrandom,
  title={\href{https://arxiv.org/pdf/1805.10941.pdf}{Fast random integer generation in an interval}},
  author={Lemire, Daniel},
  journal={ACM Transactions on Modeling and Computer Simulation (TOMACS)},
  volume={29},
  number={1},
  pages={1--12},
  year={2019},
  publisher={ACM New York, NY, USA},
  langid={english}
}

@article{robbins1955stirling,
  title={A remark on Stirling's formula},
  author={Herbert Robbins},
  journal={The American mathematical monthly},
  volume={62},
  number={1},
  pages={26--29},
  year={1955},
  publisher={JSTOR},
  langid={english}
}

@manual{iso2020c++,
  title={\href{https://www.iso.org/standard/79358.html}{ISO/IEC 14882:2020 Programming languages --- C++}},
  author={},
  organization={\href{https://www.iso.org/}{ISO}},
  edition={6},
  year={2020},
  langid={english}
}

@article{nasic:truenorth,
  author={Akopyan, Filipp and Sawada, Jun and Cassidy, Andrew and Alvarez-Icaza, Rodrigo and Arthur, John and Merolla, Paul and Imam, Nabil and Nakamura, Yutaka and Datta, Pallab and Nam, Gi-Joon and Taba, Brian and Beakes, Michael and Brezzo, Bernard and Kuang, Jente B. and Manohar, Rajit and Risk, William P. and Jackson, Bryan and Modha, Dharmendra S.},
  journal={IEEE Transactions on Computer-Aided Design of Integrated Circuits and Systems}, 
  title={TrueNorth: Design and Tool Flow of a 65 mW 1 Million Neuron Programmable Neurosynaptic Chip}, 
  year={2015},
  volume={34},
  number={10},
  pages={1537-1557},
  doi={10.1109/TCAD.2015.2474396}}

@article{nasic:loihi,
  author={Davies, Mike and Srinivasa, Narayan and Lin, Tsung-Han and Chinya, Gautham and Cao, Yongqiang and Choday, Sri Harsha and Dimou, Georgios and Joshi, Prasad and Imam, Nabil and Jain, Shweta and Liao, Yuyun and Lin, Chit-Kwan and Lines, Andrew and Liu, Ruokun and Mathaikutty, Deepak and McCoy, Steven and Paul, Arnab and Tse, Jonathan and Venkataramanan, Guruguhanathan and Weng, Yi-Hsin and Wild, Andreas and Yang, Yoonseok and Wang, Hong},
  journal={IEEE Micro}, 
  title={Loihi: A Neuromorphic Manycore Processor with On-Chip Learning}, 
  year={2018},
  volume={38},
  number={1},
  pages={82-99},
  doi={10.1109/MM.2018.112130359}}

@article{nasic:tianjic,
  author={Deng, Lei and Wang, Guanrui and Li, Guoqi and Li, Shuangchen and Liang, Ling and Zhu, Maohua and Wu, Yujie and Yang, Zheyu and Zou, Zhe and Pei, Jing and Wu, Zhenzhi and Hu, Xing and Ding, Yufei and He, Wei and Xie, Yuan and Shi, Luping},
  journal={IEEE Journal of Solid-State Circuits}, 
  title={Tianjic: A Unified and Scalable Chip Bridging Spike-Based and Continuous Neural Computation}, 
  year={2020},
  volume={55},
  number={8},
  pages={2228-2246},
  doi={10.1109/JSSC.2020.2970709}}

@article{nasic:altai1,
  author={Гришанов, Николай Валерьевич and
          Зверев, Алексей Викторович and
          Ипатов, Дмитрий Евгеньевич and
          Канглер, Валерий Михайлович and
          Катомин, Михаил Николаевич and
          Коденко, Никита Игоревич and
          Кострицын, Игорь Александрович and
          Макаров, Юрий Сергеевич and
          Мамычев, Василий Иванович and
          Павлов, Павел Владимирович and
          Панченко, Константин Евгеньевич and
          Полстянкин, Антон Владимирович},
  journal={Наноиндустрия},
  title={Нейроморфный Процессор <<Алтай>> Для Энергоэффективных Вычислений},
  year={2020},
  number={S96-2},
  pages={531-538},
  doi={10.22184/1993-8578.2020.13.3s.531.538}}

@inproceedings{tlm:overview,
  author={Cai, Lukai and Gajski, Daniel},
  booktitle={CODES+ISSS '03: Proceedings of the 1st IEEE/ACM/IFIP
             international conference on Hardware/software codesign and
             system synthesis}, 
  title={Transaction level modeling: an overview},
  year={2003},
  volume={},
  number={},
  pages={19-24},
  doi={10.1145/944645.944651}}

@techreport{actor:mccds,
  author = {Gul~Abdulnabi~Agha},
  institution = {MIT Artificial Intelligence Laboratory},
  address = {545 Technology Square Cambridge, Massachusetts 02139},
  title = {Actors: A Model Of Concurrent Computation In Distributed Systems},
  number = {844},
  Year = {1985}}

@reference{std:jtag,
  title={IEEE Standard for Test Access Port and Boundary-Scan Architecture},
  media={},
  subtitle={IEEE Std 1149.1-2013},
  specdata={},
  location={},
  publisher={},
  year={},
  pagetotal={},
  series={},
  langid={english}}

@book{actor:fedotov_parall,
  title     = {Параллельное программирование. Модели и приемы:
               практическое пособие},
  author    = {И.~Е.~Федотов},
  year      = 2020,
  publisher = {Москва: СОЛОН-Пресс},
  ISBN = {978-5-91359-222-4}}

@book{tech:vlsi_handbook,
  title={The VLSI Handbook},
  edition={Second Edition},
  year=2007,
  publisher={CRC Press},
  ISBN={978-0-8493-4199-1}}

@book{comp:comp_archi,
  title={Computer Architecture. A Quantitative Approach},
  edition={Sixth Edition},
  author={Hennessy, John, L. and Patterson, David, A.},
  year={2019},
  publisher={Morgan Kaufmann},
  ISBN={978-0-12-811905-1}}

@online{sdram:overview,
  title   = {Synchronous dynamic random-access memory},
  year    = 2023,
  url     = {https://en.wikipedia.org/wiki/Synchronous_dynamic_random-access_memory},
  urldate = {2023-06-20}}

@online{fi:spi,
  title   = {Serial Peripheral Interface},
  year    = 2023,
  url     = {https://en.wikipedia.org/wiki/Serial_Peripheral_Interface},
  urldate = {2023-06-30}}

@techreport{fi:iic,
  author = {Irazabal, Jean-Marc and Blozis, Steve},
  institution = {Philips Semiconductor},
  title = {Application Note AN10216-01 I$^2$C Manual},
  Year = {2003}}

@techreport{fi:ft1248,
  author = {},
  institution = {Future Technology Devices International Limited},
  address = {Unit 1,2 Seaward Place, Glasgow G41 1HH, United Kingdom},
  title = {Application Note AN\_167 FT1248 Dynamic Parallel Serial Interface Basics},
  number = {},
  Year = {2018}}

@manual{fi:sdio,
  title={SD Specification},
  author={},
  organization={SD Card Association},
  edition={3},
  year={2018},
  langid={english}}

@article{Johann_Knechtel2017,
  title={Large-Scale 3D Chips: Challenges and Solutions for Design Automation, Testing, and Trustworthy Integration},
  author={Johann Knechtel and Ozgur Sinanoglu and Ibrahim (Abe) M. Elfadel and Jens Lienig and Cliff C. N. Sze},
  journal={IPSJ Transactions on System and LSI Design Methodology},
  volume={10},
  number={ },
  pages={45-62},
  year={2017},
  doi={10.2197/ipsjtsldm.10.45}}
